@book{bratko2012prolog,
  title={Prolog programming for artificial intelligence},
  author={Bratko, Ivan},
  year={2012},
  publisher={Pearson education}
}

@misc{triska2005prolog,
  author         = {Triska, Marcus},
  title          = {The power of prolog},
  year           = {2005},
  howpublished   = {\url{https://www.metalevel.at/prolog}},
  note = {Visitado: 2022-09-11}
}

@article{knight1989unification,
  title={Unification: A multidisciplinary survey},
  author={Knight, Kevin},
  journal={ACM Computing Surveys (CSUR)},
  volume={21},
  number={1},
  pages={93--124},
  year={1989},
  publisher={ACM New York, NY, USA}
}

@misc{lutz2015prolog,
  author={Hamel, Lutz},
  title = {An Introduction to Artificial Intelligence with AI Game Development},
  year={2015},
  howpublished = {\url{https://homepage.cs.uri.edu/faculty/hamel/courses/2015/spring2015/csc481/lecture-notes/}},
  note = {Visitado: 2022-10-08}
}

@misc{guerra2022pia,
  author={Guerra-Hernandez, Alejandro},
  title = {Programaci√≥n para la Inteligencia Artificial},
  year={2022},
  howpublished = {\url{https://www.uv.mx/personal/aguerra/pia/}},
  note = {Visitado: 2022-10-07}
}