@book{bratko2012prolog,
  title={Prolog programming for artificial intelligence},
  author={Bratko, Ivan},
  year={2012},
  publisher={Pearson education}
}

@book{sterling1994art,
  title={The art of Prolog: advanced programming techniques},
  author={Sterling, Leon and Shapiro, Ehud Y},
  year={1994},
  publisher={MIT press}
}

@misc{triska2005prolog,
  author         = {Triska, Marcus},
  title          = {The power of prolog},
  year           = {2005},
  howpublished   = {\url{https://www.metalevel.at/prolog}},
  note = {Visitado: 2022-09-11}
}
