@misc{guerra2022pia,
  author={Guerra-Hernandez, Alejandro},
  title = {Programaci√≥n para la Inteligencia Artificial},
  year={2022},
  howpublished = {\url{https://www.uv.mx/personal/aguerra/pia/}},
  note = {Visitado: 2022-10-07}
}

@book{seibel2006practical,
  title={Practical common lisp},
  author={Seibel, Peter},
  year={2006},
  publisher={Apress}
}

@misc{datasets ,
  author = {Dua, Dheeru and Graff, Casey},
  year = {2017},
  title = {UCI Machine Learning Repository},
  howpublished = {\url{http://archive.ics.uci.edu/ml}},
  institution = {University of California, Irvine, School of Information and Computer Sciences},
}
