@book{prince2012computer,
    title={Computer vision: models, learning, and inference},
    author={Prince, Simon JD},
    year={2012},
    publisher={Cambridge University Press}
}

@article{Bezanson_Julia_A_fresh_2017,
    author = {Bezanson, Jeff and Edelman, Alan and Karpinski, Stefan and Shah, Viral B.},
    doi = {10.1137/141000671},
    journal = {SIAM Review},
    month = {9},
    number = {1},
    pages = {65--98},
    title = {{Julia: A fresh approach to numerical computing}},
    volume = {59},
    year = {2017}
}

@misc{ritchie2023bayes,
  author = {Ng, Ritchie},
  year = {},
  title = {Vectorization, Multinomial Naive Bayes Classifier and Evaluation},
  howpublished = {\url{https://www.ritchieng.com/machine-learning-multinomial-naive-bayes-vectorization/}},
  institution = {},
  note = {Visitado: 2022-12-29},
}

@misc{lee2023bayes,
  author = {Lee, Jay},
  year = {},
  title = {Document Classification using Naive Bayes Method},
  howpublished = {\url{https://www.kaggle.com/code/jayaos/document-classification-using-naive-bayes-method/notebook}},
  institution = {},
  note = {Visitado: 2023-01-02},
}

@misc{wiki2023confusion,
  author = {},
  year = {},
  title = {Confusion Matrix},
  howpublished = {\url{https://en.wikipedia.org/wiki/Confusion_matrix}},
  institution = {},
  note = {Visitado: 2023-01-03},
}
