@article{Bezanson_Julia_A_fresh_2017,
    author = {Bezanson, Jeff and Edelman, Alan and Karpinski, Stefan and Shah, Viral B.},
    doi = {10.1137/141000671},
    journal = {SIAM Review},
    month = {9},
    number = {1},
    pages = {65--98},
    title = {{Julia: A fresh approach to numerical computing}},
    volume = {59},
    year = {2017}
}

@misc{shun2013horspool,
  author         = {Shun Yan Cheung},
  title          = {The Boyer-Moore-Horspool Algorithm},
  year           = {2013},
  howpublished   = {\url{http://www.cs.emory.edu/~cheung/Courses/253/Syllabus/Text/Matching-Boyer-Moore2.html}},
  note = {Visitado: 2022-11-25}
}

@misc{homero2013algoritmos,
  author         = {{Fernando M. Montes Gonzáles}, {Víctor R. Cruz Álvarez}, {Homero V. Ríos Figueroa,}},
  title          = {Análisis de algoritmos},
  year           = {2013},
  howpublished   = {Universidad Veracruzana},
  note = {}
}

@article{stanley2021simplealgo,
  author    = {Stanley P. Y. Fung},
  title     = {Is this the simplest (and most surprising) sorting algorithm ever?},
  journal   = {CoRR},
  volume    = {abs/2110.01111},
  year      = {2021},
  url       = {https://arxiv.org/abs/2110.01111},
  eprinttype = {arXiv},
  eprint    = {2110.01111},
  timestamp = {Fri, 08 Oct 2021 15:47:55 +0200},
  biburl    = {https://dblp.org/rec/journals/corr/abs-2110-01111.bib},
  bibsource = {dblp computer science bibliography, https://dblp.org}
}