@book{bratko2012prolog,
  title={Prolog programming for artificial intelligence},
  author={Bratko, Ivan},
  year={2012},
  publisher={Pearson education}
}

@misc{triska2005prolog,
  author         = {Triska, Marcus},
  title          = {The power of prolog},
  year           = {2005},
  howpublished   = {\url{https://www.metalevel.at/prolog}},
  note = {Visitado: 2022-09-11}
}

@article{knight1989unification,
  title={Unification: A multidisciplinary survey},
  author={Knight, Kevin},
  journal={ACM Computing Surveys (CSUR)},
  volume={21},
  number={1},
  pages={93--124},
  year={1989},
  publisher={ACM New York, NY, USA}
}

@misc{lutz2015prolog,
  author={Hamel, Lutz},
  title = {An Introduction to Artificial Intelligence with AI Game Development},
  year={2015},
  howpublished = {\url{https://homepage.cs.uri.edu/faculty/hamel/courses/2015/spring2015/csc481/lecture-notes/}},
  note = {Visitado: 2022-10-08}
}

@misc{guerra2022pia,
  author={Guerra-Hernandez, Alejandro},
  title = {Programaci√≥n para la Inteligencia Artificial},
  year={2022},
  howpublished = {\url{https://www.uv.mx/personal/aguerra/pia/}},
  note = {Visitado: 2022-10-07}
}

@misc{stack2017union,
  author         = {StackOverflow},
  title          = {Making a union of two lists in prolog},
  year           = {2017},
  howpublished   = {\url{https://stackoverflow.com/questions/46899153/making-a-union-of-two-lists-in-prolog}},
  note = {Visitado: 2022-10-25}
}

@misc{stack2012intersection,
  author         = {StackOverflow},
  title          = {Intersection and union of 2 lists},
  year           = {2012},
  howpublished   = {\url{https://stackoverflow.com/questions/9615002/intersection-and-union-of-2-lists}},
  note = {Visitado: 2022-10-23}
}

@misc{stack2014pine,
  author         = {StackOverflow},
  title          = {How can I draw star triangle using recursive in prolog?},
  year           = {2014},
  howpublished   = {\url{https://stackoverflow.com/questions/20009868/how-can-i-draw-star-triangle-using-recursive-in-prolog}},
  note = {Visitado: 2022-10-23}
}

@misc{stack2021pine,
  author         = {StackOverflow},
  title          = {How to draw right triangle using recursion in prolog?},
  year           = {2021},
  howpublished   = {\url{https://stackoverflow.com/questions/65277514/how-to-draw-right-triangle-using-recursion-in-prolog}},
  note = {Visitado: 2022-10-23}
}

@misc{stack2012perms,
  author         = {StackOverflow},
  title          = {Prolog compute the permutation},
  year           = {2012},
  howpublished   = {\url{https://stackoverflow.com/questions/12824685/prolog-compute-the-permutation}},
  note = {Visitado: 2022-10-25}
}

@misc{stack2011perms,
  author         = {StackOverflow},
  title          = {gnu Prolog powerset modification},
  year           = {2011},
  howpublished   = {\url{https://stackoverflow.com/questions/4146117/gnu-prolog-powerset-modification}},
  note = {Visitado: 2022-10-25}
}

@misc{stack2012peano,
  author         = {StackOverflow},
  title          = {Convert peano number s(N) to integer in Prolog},
  year           = {2012},
  howpublished   = {\url{https://stackoverflow.com/questions/8954435/convert-peano-number-sn-to-integer-in-prolog}},
  note = {Visitado: 2022-10-26}
}

@misc{git2016peano,
  author         = {Fredrik Fagerholm},
  title          = {GitHub repository: ffagerholm/peano},
  year           = {2016},
  howpublished   = {\url{https://github.com/ffagerholm/peano}},
  note = {Visitado: 2022-10-26}
}

@misc{stack2021unification,
  author         = {StackOverflow},
  title          = {The unification algorithm in Prolog},
  year           = {2021},
  howpublished   = {\url{https://stackoverflow.com/questions/64638801/the-unification-algorithm-in-prolog}},
  note = {Visitado: 2022-10-24}
}