@book{bratko2012prolog,
  title={Prolog programming for artificial intelligence},
  author={Bratko, Ivan},
  year={2012},
  publisher={Pearson education}
}

@book{sterling1994art,
  title={The art of Prolog: advanced programming techniques},
  author={Sterling, Leon and Shapiro, Ehud Y},
  year={1994},
  publisher={MIT press}
}

@misc{triska2005prolog,
  author         = {Triska, Marcus},
  title          = {The power of prolog},
  year           = {2005},
  howpublished   = {\url{https://www.metalevel.at/prolog}},
  note = {Visitado: 2022-09-11}
}

@misc{guerra2022pia,
  author={Guerra-Hernandez, Alejandro},
  title = {Programaci√≥n para la Inteligencia Artificial},
  year={2022},
  howpublished = {\url{https://www.uv.mx/personal/aguerra/pia/}},
  note = {Visitado: 2022-10-07}
}

@misc{quijosaca2020acertijo,
  author = {Quijosaca, Fabian},
  title = {Prolog: Acertijo del granjero, la cabra, el lobo y la col},
  year = {2020},
  howpublished = {\url{https://dev.to/foqc/prolog-acertijo-del-granjero-la-cabra-el-lobo-y-la-col-4bd1}},
  note = {Visitado: 2022-11-13}
}

@misc{lerner2009cse,
  author = {{Sorin Lerner} \& {Ranjit Jhala}},
  title = {What is Prolog good for?},
  year = {2009},
  howpublished = {\url{https://cseweb.ucsd.edu/classes/wi09/cse130/misc/prolog/goat_etc.html}},
  note = {Visitado: 2022-11-12}
}

@misc{latimer2004cse,
  author = {Latimer, Randy},
  title = {Prolog Program 2: A Day at the River},
  year = {2004},
  howpublished = {\url{https://www.tjhsst.edu/~rlatimer/assignments2004/farmerPrologBak.html}},
  note = {Visitado: 2022-11-12}
}

@misc{richardpuzzle,
  author = {Richard, Josh},
  title = {An Application Using Artificial Intelligence},
  year = {},
  howpublished = {\url{https://www.d.umn.edu/~jrichar4/8puz.html}},
  note = {Visitado: 2022-16-12}
}

