@article{Bezanson_Julia_A_fresh_2017,
    author = {Bezanson, Jeff and Edelman, Alan and Karpinski, Stefan and Shah, Viral B.},
    doi = {10.1137/141000671},
    journal = {SIAM Review},
    month = {9},
    number = {1},
    pages = {65--98},
    title = {{Julia: A fresh approach to numerical computing}},
    volume = {59},
    year = {2017}
}

@misc{Graphs2021,
  author       = {Fairbanks, James and Besan{\c{c}}on, Mathieu and Simon, Sch{\"o}lly and Hoffiman, J{\'u}lio and Eubank, Nick and Karpinski, Stefan},
  title        = {JuliaGraphs/Graphs.jl: an optimized graphs package for the Julia programming language},
  year         = 2021,
  url = {https://github.com/JuliaGraphs/Graphs.jl/}
}