@book{prince2012computer,
    title={Computer vision: models, learning, and inference},
    author={Prince, Simon JD},
    year={2012},
    publisher={Cambridge University Press}
}

@article{Bezanson_Julia_A_fresh_2017,
    author = {Bezanson, Jeff and Edelman, Alan and Karpinski, Stefan and Shah, Viral B.},
    doi = {10.1137/141000671},
    journal = {SIAM Review},
    month = {9},
    number = {1},
    pages = {65--98},
    title = {{Julia: A fresh approach to numerical computing}},
    volume = {59},
    year = {2017}
}