@article{Bezanson_Julia_A_fresh_2017,
    author = {Bezanson, Jeff and Edelman, Alan and Karpinski, Stefan and Shah, Viral B.},
    doi = {10.1137/141000671},
    journal = {SIAM Review},
    month = {9},
    number = {1},
    pages = {65--98},
    title = {{Julia: A fresh approach to numerical computing}},
    volume = {59},
    year = {2017}
}

@book{sipser2021introduction,
  title={Introduction to the Theory of Computation},
  author={Sipser, Michael},
  year={2021},
  publisher={Cengage Learning}
}

@book{brookshear1989theory,
  title={Theory of computation: formal languages, automata, and complexity},
  author={Brookshear, J Glenn},
  year={1989},
  publisher={Benjamin-Cummings Publishing Co., Inc.}
}