@article{Bezanson_Julia_A_fresh_2017,
author = {Bezanson, Jeff and Edelman, Alan and Karpinski, Stefan and Shah, Viral B.},
doi = {10.1137/141000671},
journal = {SIAM Review},
month = {9},
number = {1},
pages = {65--98},
title = {{Julia: A fresh approach to numerical computing}},
volume = {59},
year = {2017}
}

@book{richards2006remote,
  title={Remote Sensing Digital Image Analysis: An Introduction},
  author={Richards, J.A. and Jia, X.},
  isbn={9783540297116},
  lccn={98053847},
  url={https://books.google.com.mx/books?id=xFg-99738poC},
  year={2006},
  publisher={Springer Berlin Heidelberg}
}

@article{wevers2016kodak,
author = {Wevers, Rosa},
year = {2016},
month = {03},
pages = {63},
title = {"Kodak Shirley is the Norm": On Racism and Photography},
volume = {1},
journal = {Junctions: Graduate Journal of the Humanities},
doi = {10.33391/jgjh.19}
}

@misc{katsuhiro1998akira,
  author       = {Katsuhiro Ãƒtomo},
  howpublished = {Streamline Pictures},
  title        = {Akira},
  year         = {1988}
}

@misc{hideaki2022eva,
  author       = {Hideaki Anno},
  howpublished = {Toho Company},
  title        = {Evangelion: 3.0+1.0 Thrice Upon a Time},
  year         = {2021}
}