@book{levitin2008introduction,
  title={Introduction to Design and Analysis of Algorithms, Second Edition},
  author={Levitin, Anany},
  year={2008},
  publisher={Pearson Education India}
}