@article{Bezanson_Julia_A_fresh_2017,
    author = {Bezanson, Jeff and Edelman, Alan and Karpinski, Stefan and Shah, Viral B.},
    doi = {10.1137/141000671},
    journal = {SIAM Review},
    month = {9},
    number = {1},
    pages = {65--98},
    title = {{Julia: A fresh approach to numerical computing}},
    volume = {59},
    year = {2017}
}

@misc{wiki2022annealing,
  author         = {},
  title          = {Simulated annealing},
  year           = {},
  howpublished   = {\url{https://en.wikipedia.org/wiki/Simulated_annealing}},
  note = {Visitado: 2022-12-21}
}

@misc{wiki2022salesman,
  author         = {},
  title          = {Travelling salesman problem},
  year           = {},
  howpublished   = {\url{https://en.wikipedia.org/wiki Travelling_salesman_problem}},
  note = {Visitado: 2022-12-21}
}

@misc{movable2022haversine,
  author         = {},
  title          = {Calculate distance, bearing and more between Latitude/Longitude points},
  year           = {},
  howpublished   = {\url{http://www.movable-type.co.uk/scripts/latlong.html}},
  note = {Visitado: 2022-12-25}
}

@misc{wiki2022haversine,
  author         = {},
  title          = {Calculate distance, bearing and more between Latitude/Longitude points},
  year           = {},
  howpublished   = {\url{https://en.wikipedia.org/wiki/Haversine_formula
}},
  note = {Visitado: 2022-12-24}
}

@misc{stack2009haversine,
  author         = {},
  title          = {Calculate distance between two latitude-longitude points? (Haversine formula)},
  year           = {2009},
  howpublished   = {\url{https://stackoverflow.com/questions/27928/calculate-distance-between-two-latitude-longitude-points-haversine-formula}},
  note = {Visitado: 2022-12-25}
}

@misc{computational2021simulated,
  author         = {ComputationalScientist},
  title          = {Simulated Annealing Algorithm in Python - Travelling Salesperson Problem},
  year           = {2021},
  howpublished   = {\url{https://youtu.be/35fzyblVdmA}},
  note = {Visitado: 2022-12-26}
}




