@book{bratko2012prolog,
  title={Prolog programming for artificial intelligence},
  author={Bratko, Ivan},
  year={2012},
  publisher={Pearson education}
}

@book{sterling1994art,
  title={The art of Prolog: advanced programming techniques},
  author={Sterling, Leon and Shapiro, Ehud Y},
  year={1994},
  publisher={MIT press}
}

@misc{triska2005prolog,
  author         = {Triska, Marcus},
  title          = {The power of prolog},
  year           = {2005},
  howpublished   = {\url{https://www.metalevel.at/prolog}},
  note = {Visitado: 2022-09-11}
}

@misc{guerra2022pia,
  author={Guerra-Hernandez, Alejandro},
  title = {Programación para la Inteligencia Artificial},
  year={2022},
  howpublished = {\url{https://www.uv.mx/personal/aguerra/pia/}},
  note = {Visitado: 2022-10-07}
}

@book{seibel2006practical,
  title={Practical common lisp},
  author={Seibel, Peter},
  year={2006},
  publisher={Apress}
}

@misc{matthew2016beautiful,
  author={Butt­erick, Matthew},
  title = {Beau­tiful Racket: An Intro­duc­tion to Language-oriented Program­ming using Racket},
  year={2016},
  howpublished = {\url{https://beautifulracket.com/}},
  note = {Visitado: 2022-11-26}
}

@misc{matthias2018htdp,
  author={{Matthias Felleisen, Robert Bruce Findler, Matthew Flatt, Shriram Krishnamurthi}},
  title = {How to Design Programs},
  year={2018},
  howpublished = {\url{https://htdp.org/from-first-to-second-edition.html}},
  note = {Visitado: 2022-11-25}
}